@article{feitelson1,
  title={Theory and practice in parallel job scheduling},
  author={Feitelson, Dror and Rudolph, Larry and Schwiegelshohn, Uwe and Sevcik, Kenneth and Wong, Parkson},
  journal={Job Scheduling Strategies for Parallel Processing},
  pages={1--34},
  year={1997},
  publisher={Springer}
}

@article{feitelson2,
  title={Parallel job scheduling: Issues and approaches},
  author={Feitelson, Dror and Rudolph, Larry},
  journal={Job Scheduling Strategies for Parallel Processing},
  pages={1--18},
  year={1995},
  publisher={Springer}
}


@INPROCEEDINGS{ParallelJobSched,
    author = {Dror Feitelson and Uwe Schwiegelshohn and Larry Rudolph},
    title = {Parallel Job Scheduling - A Status Report},
    booktitle = {In Lecture Notes in Computer Science},
    year = {2004},
    pages = {1--16},
    publisher = {Springer-Verlag}
}

@inproceedings{ParallelJobSched2,
    author = {Robert Davis and Alan Burns},
    title = {A Survey of Hard Real-Time Scheduling Algorithms and Schedulability Analysis Techniques for Multiprocessor Systems},
	booktitle={Technical Report YCS-2009-443, Department of Computer Science, University of York},
    year = {2009}
}

@inproceedings{PowerAware1,
 author = {Lawson, Barry and Smirni, Evgenia},
 title = {Power-aware resource allocation in high-end systems via online simulation},
 booktitle = {Proceedings of the 19th annual international conference on Supercomputing},
 series = {ICS '05},
 year = {2005},
 pages = {229--238},
} 

@INPROCEEDINGS{PowerAware2,
author={Kyong Hoon Kim and Buyya, R and Jong Kim},
booktitle={Cluster Computing and the Grid, 2007. CCGRID 2007},
title={Power Aware Scheduling of Bag-of-Tasks Applications with Deadline Constraints on DVS-enabled Clusters},
year={2007},
pages={541-548},
}

@inproceedings{PowerAwareServer1,
title = {Power Provisioning for a Warehouse-sized Computer},
author  = {Xiaobo Fan and Wolf-Dietrich Weber and Luiz André Barroso},
year  = 2007,
booktitle = {The 34th ACM International Symposium on Computer Architecture}
}

@inproceedings{PowerAwareServer2,
year={2003},
booktitle={Power-Aware Computer Systems},
volume={2325},
series={Lecture Notes in Computer Science},
title={Energy-Efficient Server Clusters},
publisher={Springer Berlin Heidelberg},
author={Elnozahy, E.N.(Mootaz) and Kistler, Michael and Rajamony, Ramakrishnan},
pages={179-197},
}

@inproceedings{PowerAwareServer3,
    author = {Eduardo Pinheiro and Ricardo Bianchini and Enrique V. Carrera and Taliver Heath},
    title = {Load Balancing and Unbalancing for Power and Performance in Cluster-Based Systems},
    booktitle={Workshop on Compilers and Operating Systems for Low Power},
    year = {2001},
}

@ARTICLE{PowerAwareServer4,
author={Mudge, T.},
journal={IEEE Computer},
title={Power: a first-class architectural design constraint},
year={2001},
volume={34},
number={4},
pages={52-58},
}

@incollection{Lookahead1,
year={2003},
isbn={978-3-540-20405-3},
booktitle={Job Scheduling Strategies for Parallel Processing},
volume={2862},
series={Lecture Notes in Computer Science},
title={Backfilling with Lookahead to Optimize the Performance of Parallel Job Scheduling},
publisher={Springer Berlin Heidelberg},
author={Shmueli, Edi and Feitelson, Dror},
pages={228-251}
}

@inproceedings{Lucero,
author = {Lucero, Alejandro},
title={Simulation of batch scheduling using real production-ready software tools},
year={2011},
booktitle={5th Iberian Grid Infrastructure Conference},
}

@inproceedings{Patki1,
 author = {Patki, Tapasya and Lowenthal, David K. and Rountree, Barry and Schulz, Martin and de Supinski, Bronis R.},
 title = {Exploring {H}ardware {O}verprovisioning in {P}ower-constrained, {H}igh {P}erformance {C}omputing},
 booktitle = {International Conference on Supercomputing},
 year = {2013},
 location = {Eugene, Oregon, USA},
 pages = {173--182},
} 


@INPROCEEDINGS{GreenSlot, 
author={Goiri, I. and Kien Le and Haque, M.E. and Beauchea, R. and Nguyen, T.D. and Guitart, J. and Torres, J. and Bianchini, R.}, 
booktitle={High Performance Computing, Networking, Storage and Analysis (SC), 2011 International Conference for}, 
title={{G}reen{S}lot: {S}cheduling {E}nergy {C}onsumption in {G}reen {D}atacenters}, 
year={2011}, 
pages={1-11}, 
}

@INPROCEEDINGS{Tang1, 
author={Wei Tang and Desai, N. and Buettner, D. and Zhiling Lan}, 
booktitle={Parallel Distributed Processing (IPDPS), 2010 IEEE International Symposium on}, 
title={{A}nalyzing and {A}djusting {U}ser {R}untime {E}stimates to {I}mprove {J}ob {S}cheduling on the {B}lue {G}ene/{P}}, 
year={2010}, 
pages={1-11}, 
}


@article{Etinski1, 
  author    = {Maja Etinski and
               Julita Corbalan and
               Jesus Labarta and
               Mateo Valero},
  title     = {Utilization driven power-aware parallel job scheduling},
  journal   = {Computer Science - R{\&}D},
  volume    = {25},
  number    = {3-4},
  year      = {2010},
  pages     = {207-216},
}



@inproceedings{Etinski2,
  author    = {Maja Etinski and
               Julita Corbalan and
               Jesus Labarta and
               Mateo Valero},
  title     = {Optimizing {J}ob {P}erformance {U}nder a {G}iven {P}ower {C}onstraint
               in {HPC C}enters},
  booktitle = {Green Computing Conference},
  year      = {2010},
  pages     = {257-267},
}


@inproceedings{Etinski3,
  author    = {Maja Etinski and
               Julita Corbalan and
               Jesus Labarta and
               Mateo Valero},
  title     = {Linear {P}rogramming {B}ased {P}arallel {J}ob {S}cheduling for {P}ower
               {C}onstrained {S}ystems},
  booktitle = {International Conference on High Performance Computing and Simulation},
  year      = {2011},
  pages     = {72-80},
}


@article{Etinski4,
 author = {Etinski, M. and Corbalan, J. and Labarta, J. and Valero, M.},
 title = {Parallel job scheduling for power constrained HPC systems},
 journal = {Parallel Computing},
 volume = {38},
 number = {12},
 month = dec,
 year = {2012},
 pages = {615--630},
 publisher = {Elsevier Science Publishers B. V.},
} 


@incollection{Maui,
year={2001},
booktitle={Job Scheduling Strategies for Parallel Processing},
volume={2221},
series={Lecture Notes in Computer Science},
title={Core Algorithms of the Maui Scheduler},
publisher={Springer Berlin Heidelberg},
author={Jackson, David and Snell, Quinn and Clement, Mark},
pages={87-102},
}

@incollection{Backfilling1, 
year={1995},
booktitle={Job Scheduling Strategies for Parallel Processing},
volume={949},
series={Lecture Notes in Computer Science},
title={{T}he {ANL/IBM SP} {S}cheduling {S}ystem},
publisher={Springer Berlin Heidelberg},
author={Lifka, David A.},
pages={295-303}
}

@ARTICLE{Backfilling2, 
author={Mu'alem, A.W. and Feitelson, D. }, 
journal={Parallel and Distributed Systems, IEEE Transactions on}, 
title={{U}tilization, {P}redictability, {W}orkloads, and {U}ser {R}untime {E}stimates in {S}cheduling the {IBM SP2} with {B}ackfilling}, 
year={2001}, 
volume={12}, 
number={6}, 
pages={529-543}
}

@incollection{Backfilling3,
year={1996},
booktitle={Job Scheduling Strategies for Parallel Processing},
volume={1162},
series={Lecture Notes in Computer Science},
title={{T}he {EASY} — {L}oad{L}eveler {API} {P}roject},
publisher={Springer Berlin Heidelberg},
author={Skovira, Joseph and Chan, Waiman and Zhou, Honbo and Lifka, David},
pages={41-47}
}

@INPROCEEDINGS{Backfilling4,
    author = {Srividya Srinivasan and Rajkumar Kettimuthu and Vijay Subramani and P. Sadayappan},
    title = {Selective Reservation Strategies for Backfill Job Scheduling},
    booktitle = {Scheduling Strategies for Parallel Processing, LNCS 2357},
    year = {2002},
    pages = {55--71},
    publisher = {Springer-Verlag}
}


@article{Backfilling5,
  title={Backfilling using system-generated predictions rather than user runtime estimates},
  author={Tsafrir, Dan and Etsion, Yoav and Feitelson, Dror},
  journal={Parallel and Distributed Systems, IEEE Transactions on},
  volume={18},
  number={6},
  pages={789--803},
  year={2007},
  publisher={IEEE}
}

@incollection{SchedMDSlurm, 
year={2003},
isbn={978-3-540-20405-3},
booktitle={Job Scheduling Strategies for Parallel Processing},
volume={2862},
series={Lecture Notes in Computer Science},
title={{SLURM}: {S}imple {L}inux {U}tility for {R}esource {M}anagement},
publisher={Springer Berlin Heidelberg},
author={Yoo, Andy and Jette, Morris and Grondona, Mark},
pages={44-60}
}


@inproceedings{Rountree2012,
  author = {Rountree, Barry and Ahn, Dong H. and de Supinski, Bronis R. and Lowenthal, David K. and Schulz, Martin},
  bibsource = {DBLP, http://dblp.uni-trier.de},
  booktitle = {IPDPS Workshops},
  doi = {10.1109/IPDPSW.2012.116},
  isbn = {978-1-4673-0974-5},
  pages = {947-953},
  publisher = {IEEE Computer Society},
  timestamp = {2012-10-01T19:39:41.000+0200},
  title = {{B}eyond {DVFS}: {A} {F}irst {L}ook at {P}erformance under a {H}ardware-{E}nforced {P}ower {B}ound},
  year = 2012
}


@inproceedings{David2010,
 author = {David, Howard and Gorbatov, Eugene and Hanebutte, Ulf R. and Khanna, Rahul and Le, Christian},
 title = {{RAPL}: {M}emory {P}ower {E}stimation and {C}apping},
 booktitle = {Proceedings of the 16th ACM/IEEE international symposium on Low power electronics and design},
 series = {ISLPED '10},
 year = {2010},
 isbn = {978-1-4503-0146-6},
 location = {Austin, Texas, USA},
 pages = {189--194},
 numpages = {6},
 doi = {10.1145/1840845.1840883},
 acmid = {1840883},
 publisher = {ACM},
 address = {New York, NY, USA},
 keywords = {DRAM memory, measurements, power},
} 

@inproceedings{Top500,
title = {{T}op500 {S}upercomputer {S}ites},
month = {November},
year = {2013},
note = {\url{http://www.top500.org/lists/2013/11}}
}

@inproceedings{Exa1,
author = {Ashby, Steve and Beckman, Pete and Chen, Jackie and Colella, Phil and Collins, Bill and Crawford, Dona and Dongarra, Jack and Kothe, Doug and Lusk, Rusty and Messina, Paul and Mezzacappa,Tony and Moin, Parviz and Norman, Mike and Rosner, Robert and Sarkar, Vivek and Siegel,Andrew and Streitz, Fred and White, Andy and Wright,Margaret},
title = {The {O}pportunities and {C}hallenges of {E}xascale {C}omputing}, 
year = {2010}
}

@inproceedings{Exa2,
author = {InsideHPC},
title ={{P}ower {C}onsumption is the {E}xascale {G}orilla in the {R}oom}, 
note = {\url{http://insidehpc.com/2010/12/}}
}

@inproceedings{Exa3,
author = {Keren Bergman and Shekhar Borkar and Dan Campbell and William Carlson and William Dally and Monty Denneau and Paul Franzon and William Harrod and Jon Hiller and Sherman Karp and Stephen Keckler and Dean Klein and Robert Lucas and Mark Richards and Al Scarpelli and Steven Scott and Allan Snavely and Thomas Sterling and R. Stanley Williams and Katherine Yelick and Keren Bergman and Shekhar Borkar and Dan Campbell and William Carlson and William Dally and Monty Denneau and Paul Franzon and William Harrod and Jon Hiller and Stephen Keckler and Dean Klein and Peter Kogge and R. Stanley Williams and Katherine Yelick},
title = {{E}xaScale {C}omputing {S}tudy: {T}echnology {C}hallenges in {A}chieving {E}xascale {S}ystems},
editor= {Peter Kogge},
year = {2008}
}

@inproceedings{Exa4,
author = {Vivek Sarkar and William Harrod and Allan Snavely},
title = {{S}oftware {C}hallenges in {E}xtreme {S}cale {S}ystems},
booktitle = {Journal of Physics, Conference Series 012045},
year = {2009},
}


@inproceedings{tboost,
author = {Intel},
title = {{I}ntel {T}urbo {B}oost {T}echnology 2.0},
note = {\url{http://www.intel.com/content/www/us/en/architecture-and-technology/turbo-boost/turbo-boost-technology.html}}
}

@misc{tcore,
author = {AMD},
title = {{AMD} {T}urbo {CORE} {T}echnology},
note = {\url{http://www.amd.com/us/products/desktop/processors/phenom-ii/Pages/phenom-ii-key-architectural-features.aspx}}
}

@inproceedings{IntelSDM,
author = {Intel},
title = {{I}ntel-64 and {IA}-32 {A}rchitectures {S}oftware {D}eveloper's {M}anual, {V}olumes {3A} and {3B}: {S}ystem {P}rogramming {G}uide},
year = {2011}
}

@inproceedings{IntelMIC,
author = {Intel},
title = {{I}ntel {M}any {I}ntegrated {C}ore {A}rchitecture},
note = {\url{http://www.intel.com/content/www/us/en/architecture-and-technology/many-integrated-core/intel-many-integrated-core-architecture.html}}
}

@inproceedings{darpa,
title={{DARPA} {U}biquitous {H}igh {P}erformance {C}omputing},
url = {http://www.darpa.mil/Our_Work/MTO/Programs/Ubiquitous_High_Performance_Computing_%28UHPC%29.aspx}
}

@article{Curtis1,
 author = {Curtis-Maury, Matthew and Blagojevic, Filip and Antonopoulos, Christos D. and Nikolopoulos, Dimitrios S.},
 title = {Prediction-Based Power-Performance Adaptation of Multithreaded Scientific Codes},
 journal = {IEEE Trans. Parallel Distrib. Syst.},
 issue_date = {October 2008},
 volume = {19},
 number = {10},
 month = oct,
 year = {2008},
 issn = {1045-9219},
 pages = {1396--1410},
 numpages = {15},
 url = {http://dx.doi.org/10.1109/TPDS.2007.70804},
 doi = {10.1109/TPDS.2007.70804},
 acmid = {1449456},
 publisher = {IEEE Press},
 address = {Piscataway, NJ, USA},
 keywords = {Application-aware adaptation, Energy-aware systems, Energy-aware systems, Modeling and prediction, Application-aware adaptation, Modeling and prediction},
} 


@inproceedings{Curtis2,
 author = {Curtis-Maury, Matthew and Shah, Ankur and Blagojevic, Filip and Nikolopoulos, Dimitrios S. and de Supinski, Bronis R. and Schulz, Martin},
 title = {Prediction models for multi-dimensional power-performance optimization on many cores},
 booktitle = {International Conference on Parallel Architectures and Compilation techniques},
 year = {2008},
 numpages = {10},
 url = {http://doi.acm.org/10.1145/1454115.1454151},
 doi = {10.1145/1454115.1454151},
 acmid = {1454151},
 publisher = {ACM},
 address = {New York, NY, USA},
 keywords = {dynamic concurrency throttling},
} 

@inproceedings{Curtis3,
 author = {Curtis-Maury, Matthew and Dzierwa, James and Antonopoulos, Christos D. and Nikolopoulos, Dimitrios S.},
 title = {Online power-performance adaptation of multithreaded programs using hardware event-based prediction},
 booktitle = {International Conference on Supercomputing},
 year = {2006},
 isbn = {1-59593-282-8},
 location = {Cairns, Queensland, Australia},
 numpages = {10},
 url = {http://doi.acm.org/10.1145/1183401.1183426},
 doi = {10.1145/1183401.1183426},
 acmid = {1183426},
 publisher = {ACM},
 address = {New York, NY, USA},
 keywords = {hardware performance counters, online adaptation, performance prediction, power-aware computing},
} 

@Article{Li,
	title = "Strategies for Energy Efficient Resource Management of Hybrid Programming Models",
	journal = "IEEE Transaction on Parallel and Distributed Systems",
	year = "2012",
	author = "Dong Li and Bronis R. de Supinski and Martin Schulz and Dimitrios S. Nikolopoulos and Kirk W. Cameron"
}

@inproceedings{venkatesh:10,
  author    = {Ganesh Venkatesh and
               Jack Sampson and
               Nathan Goulding and
               Saturnino Garcia and
               Vladyslav Bryksin and
               Jose Lugo-Martinez and
               Steven Swanson and
               Michael Bedford Taylor},
  title     = {Conservation cores: reducing the energy of mature computations},
  booktitle = {ASPLOS},
  year      = {2010}
}

@inproceedings{darksilicon,
        title           = { UCSD Center for Dark Silicon},
    howpublished    = "\url{http://darksilicon.org/}",
        _note           = { }
}

#Added by blr

@article{KumarComputer2005,		_={Architectural overprovisioning},
	author		= {Rakesh Kumar and Dean M. Tullsen and Norman P. Jouppi and Parthasarathy Ranganathan},
	title		= {Heterogeneous Chip Multiprocessors},
	journal		= {{IEEE} Computer},
	year		= {2005},
	month		= {Nov},
	volume		= {38},
	number		= {11},
	pages		= {32-38}
}

@inproceedings{femal:04,
 author = {Femal, Mark E. and Freeh, Vincent W.},
 title = {Safe overprovisioning: using power limits to increase aggregate throughput},
 booktitle = {International Conference on Power-Aware Computer Systems},
 month = "Dec",
 year = {2005}
} 


@ARTICLE{FeitelsonModeling,
    author = {Uri Lublin and Dror G. Feitelson},
    title = {The Workload on Parallel Supercomputers: Modeling the Characteristics of Rigid Jobs},
    journal = {Journal of Parallel and Distributed Computing},
    year = {2001},
    volume = {63},
    pages = {2003}
}

@INPROCEEDINGS{FeitelsonPoisson,
    author = {Dror G. Feitelson and Morris A. Jette},
    title = {Improved utilization and responsiveness with gang scheduling},
    booktitle = {Job Scheduling Strategies for Parallel Processing},
    year = {1997},
    pages = {238--261},
    publisher = {Springer-Verlag LNCS}
}

@INPROCEEDINGS{ rountree:07,
	AUTHOR = {Barry Rountree and David K. Lowenthal and Shelby Funk and Vincent W. Freeh and Bronis {de Supinski} and Martin Schulz}, 
	TITLE = {Bounding Energy Consumption in Large-Scale {MPI} Programs},
	BOOKTITLE = {Supercomputing},
	month = Nov,
	YEAR= 2007,
	comment= {}}

@InProceedings{springer:06,
  author = 	 {Robert C. {Springer IV} and David K. Lowenthal and
                  Barry Rountree and Vincent W. Freeh},
  title = 	 {Minimizing Execution Time in {MPI} Programs on an
  Energy-Constrained, Power-Scalable Cluster},
  booktitle =	 {ACM Symposium on
Principles and Practice of Parallel Programming},
  year =	 2006,
  month =	 mar
}
@Article{freeh:06,
  author = 	 {Vincent W. Freeh and David K. Lowenthal and 
                  Feng Pan and Robert Springer and
                  and Nandini Kappiah and Barry
                  Rountree and Mark E. Femal},
  title = 	 {Analyzing the Energy-Time Tradeoff in
                  High-Performance Computing Applications},
  journal = 	 {IEEE Transactions on Parallel and
                  Distributed Systems},
  volume = {18},
  number = {6},
  year = {2007},
  pages = {838-848}
}
@InProceedings{freeh:05,
  author = 	 {Vincent W. Freeh and David K. Lowenthal and Rob
                  Springer and Feng Pan and  Nandani Kappiah},  
  title = 	 {Exploring the Energy-Time Tradeoff in {MPI} Programs on a
  Power-Scalable Cluster},
  booktitle =	 {IEEE International Parallel and Distributed Processing Symposium},
  year =	 2005,
  month =	 apr
}


@INPROCEEDINGS{ lim:06,
        AUTHOR = {{Min Yeol} Lim and Vincent W. Freeh and David K. Lowenthal},
        TITLE = {Adaptive, Transparent Frequency and Voltage Scaling
                  of Communication Phases in {MPI} Programs}, 
	BOOKTITLE = {Supercomputing},
	month = Nov,
	YEAR= 2006,
	comment= {}}

@UNPUBLISHED{ rountree:08,
	AUTHOR = {Barry Rountree and David K. Lowenthal and Shelby Funk and Bronis {de Supinski} and Martin Schulz and Vincent W. Freeh and Tyler Bletsch},
	TITLE = {Adagio: {M}aking {DVS} Practical for Complex {HPC} Applications (submitted to Supercomputing 2008)},
	month = Apr,
	year = 2008,
	COMMENT = {}}



@inproceedings{rountree:09,
    author = {B. Rountree and D. Lowenthal and B.R. de Supinski and M. Schulz and V. Freeh and T. Bletch},
    title  = {{Adagio: Making DVS Practical for Complex HPC Applications}},
        BOOKTITLE = "International Conference on Supercomputing",
        YEAR      = 2009,
        MONTH     = jun
}


@inproceedings{rountree:11,
    author = {B. Rountree and D. Lowenthal and M. Schulz and B.R. de Supinski},
    title  = {Practical Performance Prediction Under Dynamic Voltage Frequency Scaling},
        BOOKTITLE = "International Green Computing Conference",
        MONTH     = jul,
        YEAR      = 2011
}


@InProceedings{Ge:07,
	author = {Rong Ge and Xizhou Feng and {Wu-chun} Feng and Kirk W. Cameron},
	title = { {CPU} {MISER}:  A Performance-Directed, Run-Time System for Power-Aware Clusters },
	booktitle = {International Conference on Parallel Processing},
	year = {2007}
}

@InProceedings{Ishihara98,
  Author         = {Ishihara, Tohru and Yasuura, Hiroto},
  Title          = {Voltage Scheduling Problem for Dynamically
                   Variable Voltage Processors},
  BookTitle      = {International Symposium on Low Power
                   Electronics and Design},
  URL            = {http://www.sigda.org/Archives/ProceedingArchives/Compendiums/papers/1998/islped98/pdffiles/t3_2.pdf},
  LocalURL       = {file:///rountree/d/references/master/Ishihara98.pdf},
  Key            = {DVS},
  month          = Aug,
  year           = 1998,
  pages	         = "197--202",
  blr_field1     = "f1",
  Private        = {Formulas and proof for min \# of discrete frequencies existence of ideal freq.}
}

@InProceedings{Swaminathan01,
  Author         = {Swaminathan, Vishnu and Chakrabarty, Krishnendu},
  Title          = {Investigating the Effect of Voltage-Switching on
                   Low-Energy Task Scheduling in Hard
                   Real-Time Systems},
  BookTitle      = {Proc. Asia South Pacific Design Automation
                   Conference},
  URL            = {http://www.ee.duke.edu/~krish/pubs.html},
  LocalURL       = {file:///home/rountree/d/references/master/Swaminathan01.pdf},
  Key            = {RT Sched},
  Pages          = {251-254},
  month          = Jan,
  year           = 2001,
}


@INPROCEEDINGS{ Hsu:05,
  AUTHOR =      {C. Hsu and W. Feng and J. S. Archuleta},
  TITLE =       {Towards Efficient Supercomputing: A Quest for the Right Metric},
  BOOKTITLE =   {Workshop on High-Performance, Power-Aware Computing},
  MONTH =       Apr,
  YEAR =        2005
}

@INPROCEEDINGS{ cameron:04,
        AUTHOR = {Kirk W. Cameron and Rong Ge and Xizhou Feng and Drew Varner and Chris Jones},
        TITLE = {High-Performance, Power-Aware Distributed Computing
                  Framework (Poster)},
        BOOKTITLE = {Supercomputing},
        month = Nov,
        YEAR= 2004
}

@INPROCEEDINGS{ cameron:05,
        AUTHOR = {Kirk W. Cameron and Xizhou Feng and Rong Ge},
        TITLE = {Performance-constrained, Distributed {DVS} Scheduling for Scientific Applications on Power-aware Clusters},
        booktitle ={Supercomputing},
        year =     2005,
        month =    Nov
}

@INPROCEEDINGS{ ge:07b,
        AUTHOR = {R. Ge and K.W. Cameron},
        TITLE = {Power-Aware Speedup},
        booktitle ={In Proceedings of the 21st IEEE International Parallel and Distributed Processing Symposium ({IPDPS} 07)},
        year =     2007,
        month =    Mar
}

@inproceedings{BoundsOnPowerSavings,
 author = {Fen Xie and Margaret Martonosi and Sharad Malik},
 title = {Bounds on Power Savings Using Runtime Dynamic Voltage Scaling:  An Exact Algorithm and a Linear-time Heuristic Approximation},
 booktitle = {ISLPED},
 year = {2005},
 month = {August}
}
